@misc{meyerson2023language,
  title         = {Language Model Crossover: Variation through Few-Shot Prompting},
  author        = {Elliot Meyerson and Mark J. Nelson and Herbie Bradley and Arash Moradi and Amy K. Hoover and Joel Lehman},
  year          = {2023},
  eprint        = {2302.12170},
  archiveprefix = {arXiv},
  primaryclass  = {cs.NE}
}

@inproceedings{NEURIPS2020_1457c0d6,
  author    = {Brown and others},
  booktitle = {Advances in Neural Information Processing Systems},
  editor    = {H. Larochelle and M. Ranzato and R. Hadsell and M.F. Balcan and H. Lin},
  pages     = {1877--1901},
  publisher = {Curran Associates, Inc.},
  title     = {Language Models are Few-Shot Learners},
  url       = {https://proceedings.neurips.cc/paper_files/paper/2020/file/1457c0d6bfcb4967418bfb8ac142f64a-Paper.pdf},
  volume    = {33},
  year      = {2020}
}

@misc{bommasani2022opportunities,
  title         = {On the Opportunities and Risks of Foundation Models},
  author        = {Rishi Bommasani and others},
  year          = {2022},
  eprint        = {2108.07258},
  archiveprefix = {arXiv},
  primaryclass  = {cs.LG}
}

@misc{chen2021evaluating,
  title         = {Evaluating Large Language Models Trained on Code},
  author        = {Mark Chen and others},
  year          = {2021},
  eprint        = {2107.03374},
  archiveprefix = {arXiv},
  primaryclass  = {cs.LG}
}

@article{doi:10.1126/science.abq1158,
  author  = {Yujia Li and others},
  title   = {Competition-level code generation with AlphaCode},
  journal = {Science},
  volume  = {378},
  number  = {6624},
  pages   = {1092-1097},
  year    = {2022},
  doi     = {10.1126/science.abq1158},
  url     = {https://www.science.org/doi/abs/10.1126/science.abq1158},
  eprint  = {https://www.science.org/doi/pdf/10.1126/science.abq1158}
}

@misc{lehman2022evolution,
  title         = {Evolution through Large Models},
  author        = {Joel Lehman and Jonathan Gordon and Shawn Jain and Kamal Ndousse and Cathy Yeh and Kenneth O. Stanley},
  year          = {2022},
  eprint        = {2206.08896},
  archiveprefix = {arXiv},
  primaryclass  = {cs.NE}
}

@misc{devlin2019bert,
  title         = {BERT: Pre-training of Deep Bidirectional Transformers for Language Understanding},
  author        = {Jacob Devlin and Ming-Wei Chang and Kenton Lee and Kristina Toutanova},
  year          = {2019},
  eprint        = {1810.04805},
  archiveprefix = {arXiv},
  primaryclass  = {cs.CL}
}

@inproceedings{NIPS2017_3f5ee243,
  author    = {Vaswani, Ashish and Shazeer, Noam and Parmar, Niki and Uszkoreit, Jakob and Jones, Llion and Gomez, Aidan N and Kaiser, \L ukasz and Polosukhin, Illia},
  booktitle = {Advances in Neural Information Processing Systems},
  editor    = {I. Guyon and U. Von Luxburg and S. Bengio and H. Wallach and R. Fergus and S. Vishwanathan and R. Garnett},
  pages     = {},
  publisher = {Curran Associates, Inc.},
  title     = {Attention is All you Need},
  url       = {https://proceedings.neurips.cc/paper_files/paper/2017/file/3f5ee243547dee91fbd053c1c4a845aa-Paper.pdf},
  volume    = {30},
  year      = {2017}
}


@inproceedings{pmlr-v139-ramesh21a,
  title     = {Zero-Shot Text-to-Image Generation},
  author    = {Ramesh, Aditya and Pavlov, Mikhail and Goh, Gabriel and Gray, Scott and Voss, Chelsea and Radford, Alec and Chen, Mark and Sutskever, Ilya},
  booktitle = {Proceedings of the 38th International Conference on Machine Learning},
  pages     = {8821--8831},
  year      = {2021},
  editor    = {Meila, Marina and Zhang, Tong},
  volume    = {139},
  series    = {Proceedings of Machine Learning Research},
  month     = {18--24 Jul},
  publisher = {PMLR},
  pdf       = {http://proceedings.mlr.press/v139/ramesh21a/ramesh21a.pdf},
  url       = {https://proceedings.mlr.press/v139/ramesh21a.html}
}

@inproceedings{Rombach_2022_CVPR,
  author    = {Rombach, Robin and Blattmann, Andreas and Lorenz, Dominik and Esser, Patrick and Ommer, Bj\"orn},
  title     = {High-Resolution Image Synthesis With Latent Diffusion Models},
  booktitle = {Proceedings of the IEEE/CVF Conference on Computer Vision and Pattern Recognition (CVPR)},
  month     = {June},
  year      = {2022},
  pages     = {10684-10695}
}

@article{6773024,
  author  = {Shannon, C. E.},
  journal = {The Bell System Technical Journal},
  title   = {A mathematical theory of communication},
  year    = {1948},
  volume  = {27},
  number  = {3},
  pages   = {379-423},
  doi     = {10.1002/j.1538-7305.1948.tb01338.x}
}

@misc{graves2014generating,
  title         = {Generating Sequences With Recurrent Neural Networks},
  author        = {Alex Graves},
  year          = {2014},
  eprint        = {1308.0850},
  archiveprefix = {arXiv},
  primaryclass  = {cs.NE}
}

@article{6795963,
  author  = {Hochreiter, Sepp and Schmidhuber, Jürgen},
  journal = {Neural Computation},
  title   = {Long Short-Term Memory},
  year    = {1997},
  volume  = {9},
  number  = {8},
  pages   = {1735-1780},
  doi     = {10.1162/neco.1997.9.8.1735}
}

@inproceedings{10.1145/2001576.2001606,
  author    = {Lehman, Joel and Stanley, Kenneth O.},
  title     = {Evolving a Diversity of Virtual Creatures through Novelty Search and Local Competition},
  year      = {2011},
  isbn      = {9781450305570},
  publisher = {Association for Computing Machinery},
  address   = {New York, NY, USA},
  url       = {https://doi.org/10.1145/2001576.2001606},
  doi       = {10.1145/2001576.2001606},
  booktitle = {Proceedings of the 13th Annual Conference on Genetic and Evolutionary Computation},
  pages     = {211–218},
  numpages  = {8},
  keywords  = {artificial life, natural evolution, novelty search, virtual creatures},
  location  = {Dublin, Ireland},
  series    = {GECCO '11}
}

@misc{mouret2015illuminating,
  title         = {Illuminating search spaces by mapping elites},
  author        = {Jean-Baptiste Mouret and Jeff Clune},
  year          = {2015},
  eprint        = {1504.04909},
  archiveprefix = {arXiv},
  primaryclass  = {cs.AI}
}

@book{baluja1994population,
  title     = {Population-based incremental learning: A method for integrating genetic search based function optimization and competitive learning},
  author    = {Baluja, Shumeet},
  year      = {1994},
  publisher = {School of Computer Science, Carnegie Mellon University Pittsburgh, PA}
}
